@conference{she:kernel:2010,
	title = {Variability Model of the Linux Kernel},
	booktitle = {VaMoS'10},
        pages = {45--51},
	year = {2010},
	author = {She, Steven and Lotufo, Rafael and Berger, Thorsten and Andrzej Wasowski and Czarnecki, Krzysztof}
}

@conference{sincero:lkc:2008,
	title = {The Linux Kernel Configurator as a Feature Modeling Tool},
	booktitle = {ASPL'08},
        pages = {257--250},
	year = {2008},
	author = {Julio Sincero and Wolfgang Schr\"{o}der-Preikschat}
}

@ONLINE{debian:config:2010,
  author = {{Debian User Forums}},
  title = {{Is there an automatic .config generator for kernel 2.6.33.4?}},
  note = {\emph{Accessed: \today}},
  year = {2010},
  url = {http://forums.debian.net/viewtopic.php?f=5&t=52025}
}

@ONLINE{soft32:config:2007,
  author = {{Soft32 Linux User Forums}},
  title = {{kernel autoconfig option?}},
  note = {\emph{Accessed: \today}},
  year = {2007},
  url = {http://forum.soft32.com/linux/autoconfig-option-ftopict347108.html}
}

@book{raymond:cml2:2000,
        author = {Eric S. Raymond},
        title = {The CML2 Language: Constraint-based configuration for the Linux kernel and elsewhere.},
        year = {2000}
}

@ONLINE{kerneltrap:linux:2002,
  author = {{Kernel Trap}},
  title = {{Linux: CML2, ESR \& The LKML}},
  note = {\emph{Accessed: \today}},
  year = {2002},
  url = {http://kerneltrap.org/node/17}
}

@techreport{:ecorefmp:2008,
        author = {Matthew Stephan and Micha\{l} Antkiewicz},
        title = {Ecore.fmp: A tool for editing and instantiating class models as feature models},
        institution = {Univeristy of Waterloo},
        year = {2008},
        number = {2008-08}
}

@techreport{she:kconfig:2010,
        author = {Steven She and Thorsten Berger},
        title = {Formal Semantics of the Kconfig Language},
        institution = {Univeristy of Waterloo},
        year = {2010},
        note = {Technical Note},
        url  = {http://www.eng.uwaterloo.ca/~shshe/kconfig_semantics.pdf}
}

@ONLINE{kernel:aunt:2002,
  author = {Linux-Kernel},
  title = {{Aunt Tillie builds a kernel (was Re: ISA hardware discovery -- the elegant solution)}},
  note = {\emph{Accessed: \today}},
  year = {2002},
  url = {http://lkml.indiana.edu/hypermail/linux/kernel/0201.1/index.html#2276}
}

@ONLINE{muto:check:2010,
  author = {{Kenshi Muto}},
  title = {{Debian GNU/Linux device driver check \& report}},
  note = {\emph{Accessed: \today}},
  year = {2010},
  url = {http://kmuto.jp/debian/hcl/}
}

@book{veer:ecos:2000,
        author = {Bart Veer, John Dallaway},
        title = {The eCos Component Writer's Guide},
        year = {2000}
}

@article{nichols:usability:2003,
	title = {The Usability of Open Source Software},
	journal = {First Monday},
	volume = {8},
        number = {1},
	year = {2003},
	author = {David M. Nichols, Michael B. Twidale},
        url = {http://firstmonday.org/issues/issue8_1/nichols/index.html}
}

@article{andreasen:usability:2006,
	title = {Usability in Open Source Software Development: Opinions and Practice},
	journal = {Information Technology and Control},
	volume = {35},
        number = {3},
	year = {2006},
	author = {{Morten Sieker Andreasen, Henrik Villemann Nielsen, Simon Ormholt Schroder}},
       pages = {303--312}
}

@inproceedings{mockus:apache:2000,
        author = {Audris Mockus, Roy T. Fielding, James Herbsleb},
        title = {A case study of open source software development: the Apache server},
        booktitle = {ICSE'00},
        year = {2000},
        pages = {263--272}
 }

@article{mockus:mozilla:2002,
	title = {Two case studies of open source software development: Apache and Mozilla},
	journal = {ACM TSEM},
	volume = {11},
        number = {3},
	year = {2002},
	pages = {209--346},
	author = {Audris Mockus, Roy T. Fielding, James Herbsleb}
}
