@conference{she:kernel:2010,
	title = {Variability Model of the Linux Kernel},
	booktitle = {VaMoS'10},
        pages = {45--51},
	year = {2010},
	author = {She, Steven and Lotufo, Rafael and Berger, Thorsten and Andrzej Wasowski and Czarnecki, Krzysztof}
}

@conference{sincero:lkc:2008,
	title = {The Linux Kernel Configurator as a Feature Modeling Tool},
	booktitle = {ASPL'08},
        pages = {257--250},
	year = {2008},
	author = {Julio Sincero and Wolfgang Schr\"{o}der-Preikschat}
}

@ONLINE{debian:config:2010,
  author = {{Debian User Forums}},
  title = {{Is there an automatic .config generator for kernel 2.6.33.4?}},
  note = {\emph{Accessed: \today}},
  year = {2010},
  url = {http://forums.debian.net/viewtopic.php?f=5&t=52025}
}

@ONLINE{soft32:config:2007,
  author = {{Soft32 Linux User Forums}},
  title = {{kernel autoconfig option?}},
  note = {\emph{Accessed: \today}},
  year = {2007},
  url = {http://forum.soft32.com/linux/autoconfig-option-ftopict347108.html}
}

@book{raymond:cml2:2000,
        author = {Eric S. Raymond},
        title = {The CML2 Language: Constraint-based configuration for the Linux kernel and elsewhere.},
        year = {2000}
}

@ONLINE{kerneltrap:linux:2002,
  author = {{Kernel Trap}},
  title = {{Linux: CML2, ESR \& The LKML}},
  note = {\emph{Accessed: \today}},
  year = {2002},
  url = {http://kerneltrap.org/node/17}
}

@techreport{:ecorefmp:2008,
        author = {Matthew Stephan and Micha\{l} Antkiewicz},
        title = {Ecore.fmp: A tool for editing and instantiating class models as feature models},
        institution = {Univeristy of Waterloo},
        year = {2008},
        number = {2008-08}
}

@techreport{she:kconfig:2010,
        author = {Steven She and Thorsten Berger},
        title = {Formal Semantics of the Kconfig Language},
        institution = {Univeristy of Waterloo},
        year = {2010},
        note = {Technical Note},
        url  = {http://www.eng.uwaterloo.ca/~shshe/kconfig_semantics.pdf}
}